<record xmlns='http://www.loc.gov/MARC21/slim'><leader>01271cim a22003612u 4500</leader><controlfield tag='001'>3601559</controlfield><controlfield tag='005'>20151214182902.0</controlfield><controlfield tag='007'>ss|lmnjluz|nuu</controlfield><controlfield tag='008'>991101s1983    nyunnn         l    eng d</controlfield><datafield ind1=' ' ind2=' ' tag='035'><subfield code='a'>(NIC)notisASF8624</subfield></datafield><datafield ind1=' ' ind2=' ' tag='035'><subfield code='a'>3601559</subfield></datafield><datafield ind1=' ' ind2=' ' tag='035'><subfield code='a'>(OCoLC)63897810</subfield></datafield><datafield ind1=' ' ind2=' ' tag='040'><subfield code='a'>NIC</subfield><subfield code='c'>NIC</subfield><subfield code='d'>NIC</subfield><subfield code='d'>NIC</subfield></datafield><datafield ind1='1' ind2=' ' tag='100'><subfield code='a'>Barańczak, Stanisław,</subfield><subfield code='d'>1946-2014.</subfield></datafield><datafield ind1='1' ind2='0' tag='245'><subfield code='a'>Polish poetry under martial law</subfield><subfield code='h'>[sound recording]</subfield></datafield><datafield ind1=' ' ind2=' ' tag='260'><subfield code='c'>1983.</subfield></datafield><datafield ind1=' ' ind2=' ' tag='300'><subfield code='a'>1 sound cassette (55 min.) :</subfield><subfield code='b'>analog, mono.</subfield></datafield><datafield ind1=' ' ind2=' ' tag='500'><subfield code='a'>Recorded in Ithaca, NY by Cornell University.</subfield></datafield><datafield ind1=' ' ind2=' ' tag='518'><subfield code='a'>Lecture, September 12, 1983.</subfield></datafield><datafield ind1=' ' ind2=' ' tag='520'><subfield code='a'>Baranczak discusses the effect of martial law on poetry in Poland.</subfield></datafield><datafield ind1=' ' ind2='0' tag='650'><subfield code='a'>Polish poetry</subfield><subfield code='y'>20th century.</subfield></datafield><datafield ind1=' ' ind2='0' tag='650'><subfield code='a'>Politics and literature.</subfield></datafield><datafield ind1=' ' ind2='0' tag='651'><subfield code='a'>Poland</subfield><subfield code='x'>Intellectual life</subfield><subfield code='y'>1945-</subfield></datafield><datafield ind1=' ' ind2='0' tag='650'><subfield code='a'>Martial law</subfield><subfield code='z'>Poland.</subfield></datafield><datafield ind1=' ' ind2='7' tag='648'><subfield code='a'>Since 1900</subfield><subfield code='2'>fast</subfield></datafield><datafield ind1=' ' ind2='7' tag='650'><subfield code='a'>Intellectual life</subfield><subfield code='2'>fast</subfield><subfield code='0'>(OCoLC)fst00975769</subfield></datafield><datafield ind1=' ' ind2='7' tag='650'><subfield code='a'>Martial law</subfield><subfield code='2'>fast</subfield><subfield code='0'>(OCoLC)fst01010862</subfield></datafield><datafield ind1=' ' ind2='7' tag='650'><subfield code='a'>Polish poetry</subfield><subfield code='2'>fast</subfield><subfield code='0'>(OCoLC)fst01069141</subfield></datafield><datafield ind1=' ' ind2='7' tag='650'><subfield code='a'>Politics and literature</subfield><subfield code='2'>fast</subfield><subfield code='0'>(OCoLC)fst01069960</subfield></datafield><datafield ind1=' ' ind2='7' tag='651'><subfield code='a'>Poland</subfield><subfield code='2'>fast</subfield><subfield code='0'>(OCoLC)fst01206891</subfield></datafield><datafield ind1='1' ind2=' ' tag='899'><subfield code='a'>CULectures</subfield></datafield><datafield ind1=' ' ind2=' ' tag='905'><subfield code='a'>20000119120000.0</subfield></datafield><datafield ind1='2' ind2=' ' tag='948'><subfield code='a'>20141221</subfield><subfield code='b'>m</subfield><subfield code='d'>batch</subfield><subfield code='e'>lts</subfield><subfield code='x'>addfast</subfield></datafield></record>